<record><leader>00000cas a22000007a 4500</leader><controlfield tag="001">10933114</controlfield><controlfield tag="008">840710d18691874iauwr ne      0    0eng d</controlfield><datafield ind1=" " ind2=" " tag="010"><subfield code="a">sn 84027164 </subfield></datafield><datafield ind1=" " ind2=" " tag="040"><subfield code="a">NPU</subfield><subfield code="b">eng</subfield><subfield code="c">NPU</subfield><subfield code="d">NPX</subfield><subfield code="d">INP</subfield><subfield code="d">OCLCQ</subfield></datafield><datafield ind1=" " ind2=" " tag="042"><subfield code="a">msc</subfield></datafield><datafield ind1="0" ind2="4" tag="245"><subfield code="a">The Springvale Republican.</subfield></datafield><datafield ind1=" " ind2=" " tag="260"><subfield code="a">Springvale [Humboldt], Humboldt Co., Iowa :</subfield><subfield code="b">S.H. Taft</subfield></datafield><datafield ind1=" " ind2=" " tag="300"><subfield code="a">v. ;</subfield><subfield code="c">61 cm.</subfield></datafield><datafield ind1=" " ind2=" " tag="310"><subfield code="a">Weekly</subfield></datafield><datafield ind1="1" ind2=" " tag="362"><subfield code="a">Began in 1869; ceased in Jan. 1874.</subfield><subfield code="z">Cf. Bibl. of Iowa newspapers.</subfield></datafield><datafield ind1=" " ind2=" " tag="500"><subfield code="a">Humboldt was called Springvale, 1869-1873.</subfield></datafield><datafield ind1=" " ind2=" " tag="500"><subfield code="a">Publishers: S.H. Taft, -May 8, 1872; J.M. Dixon, May 15-&lt;July 3, 1872&gt;; S.H. Taft, &lt;Sept. 13, 1872-Nov. 26, 1873&gt;.</subfield></datafield><datafield ind1=" " ind2=" " tag="500"><subfield code="a">"Devoted especially to the interests of this developing portion of Iowa."</subfield></datafield><datafield ind1=" " ind2=" " tag="525"><subfield code="a">Issues for May 15, 1872 and Nov. 19, 1873 include supplements called: Laws of Iowa.</subfield></datafield><datafield ind1=" " ind2=" " tag="588"><subfield code="a">Description based on: Vol. 3, no. 22 (May 8, 1872).</subfield></datafield><datafield ind1=" " ind2=" " tag="752"><subfield code="a">United States</subfield><subfield code="b">Iowa</subfield><subfield code="c">Humboldt</subfield><subfield code="d">Humboldt.</subfield></datafield><datafield ind1=" " ind2=" " tag="752"><subfield code="a">United States</subfield><subfield code="b">Iowa</subfield><subfield code="c">Humboldt</subfield><subfield code="d">Springvale.</subfield></datafield><datafield ind1="0" ind2="0" tag="780"><subfield code="t">Humboldt County true Democrat</subfield><subfield code="w">(DLC)sn 87057783</subfield></datafield><datafield ind1="0" ind2="0" tag="785"><subfield code="t">Humboldt kosmos</subfield><subfield code="w">(DLC)sn 84038203</subfield></datafield></record>